<?xml version="1.0" encoding="UTF-8"?><collection xmlns="http://www.loc.gov/MARC21/slim"><record><leader>00537nam--2200205-i-4500</leader><controlfield tag="001">000024576</controlfield><controlfield tag="002">20161230</controlfield><controlfield tag="005">20161230201035</controlfield><controlfield tag="008">060222s1000------------r-----000-0-rum-d</controlfield><datafield ind1=" " ind2=" " tag="040"><subfield code="a">IFIN-HH</subfield></datafield><datafield ind1=" " ind2=" " tag="041"><subfield code="a">rum</subfield></datafield><datafield ind1=" " ind2=" " tag="080"><subfield code="a">53:620.9</subfield></datafield><datafield ind1="1" ind2=" " tag="100"><subfield code="a">Ivascu, Marin</subfield></datafield><datafield ind1="1" ind2="0" tag="245"><subfield code="a">Fizica si problemele energiei</subfield><subfield code="c">Marin ivascu, george ionescu</subfield></datafield><datafield ind1=" " ind2=" " tag="260"><subfield code="a">Bucuresti</subfield><subfield code="b">Editura Stiintifica Si Enciclopedica</subfield><subfield code="c">1987</subfield></datafield><datafield ind1=" " ind2=" " tag="300"><subfield code="a">147P</subfield></datafield><datafield ind1=" " ind2=" " tag="490"><subfield code="a">Colectia:</subfield></datafield><datafield ind1="1" ind2=" " tag="700"><subfield code="a">Ionescu, George</subfield></datafield><datafield ind1=" " ind2=" " tag="852"><subfield code="a">73970</subfield><subfield code="c">53</subfield></datafield><datafield ind1=" " ind2=" " tag="CAT"><subfield code="a">Sys</subfield><subfield code="c">20150811</subfield><subfield code="h">111623</subfield></datafield></record></collection>